@thesis{Sanabria2022_tesis,
	author = {Francis Sanabria},
	title  = {Diseño e implementación de una plataforma de pruebas para sistemas de control para el dron Crazyflie 2.0},
	note   = {Tesis de licenciatura},
	school = {Universidad Del Valle de Guatemala},
	year   = {2022}
}

@thesis{Parafan2022_tesis,
	author = {Camilo Perafan},
	title  = {Robotat: un ecosistema robótico de captura de movimiento y
	comunicación inalámbrica},
	note   = {Tesis de licenciatura},
	school = {Universidad Del Valle de Guatemala},
	year   = {2022}
}

@thesis{Otzoy2023_tesis,
	author = {Denny Otzoy},
	title  = {Uso del cuadricóptero Crazyflie dentro del ecosistema Robotat para la generación de trayectorias y la evasión de obstáculos},
	note   = {Tesis de licenciatura},
	school = {Universidad Del Valle de Guatemala},
	year   = {2023}
}

@thesis{Gordillo2023_tesis,
	author = {José Gordillo},
	title  = {Diseño e implementación de un paquete de herramientas de software para controlar inalámbricamente un enjambre de drones Crazyflie dentro de un ecosistema robótico basado en captura de movimiento},
	note   = {Tesis de licenciatura},
	school = {Universidad Del Valle de Guatemala},
	year   = {2023}
}

@thesis{Avila2023_tesis,
	author = {Julio Avila},
	title  = {Adaptación del sistema de drones Crazyswarm al ecosistema Robotat},
	note   = {Tesis de licenciatura},
	school = {Universidad Del Valle de Guatemala},
	year   = {2023}
}

@thesis{Garrido2023_tesis,
	author = {Brandon Garrido},
	title  = {Levantamiento de una plataforma de pruebas para sistemas multidrones con OptiTrack y Crazyswarm},
	note   = {Tesis de licenciatura},
	school = {Universidad Del Valle de Guatemala},
	year   = {2023}
}

@thesis{Chadehumbe2020_tesis,
	author = {Chiedza Chadehumbe and Josefine Sjöberg},
	title  = {Autonomous flight of the micro drone Crazyflie 2.1 through an obstacle course},
	note   = {Independent thesis basic level (degree of Bachelor)},
	school = {Universidad Uppsala},
	year   = {2020}
}

@misc{Crazyflie,
	author       = {Bitcraze},
	title        = {Crazyflie 2.1},
	year         = {2024},
	url          = {https://www.bitcraze.io/products/crazyflie-2-1/},
	note         = {Accessed: 12-May-2024}
}

@misc{Sistema_Crazyflie,
	author       = {Bitcraze},
	title        = {Sistema de coordenadas de Crazyflie 2.1},
	year         = {2024},
	url          = {https://www.bitcraze.io/documentation/system/platform/cf2-coordinate-system},
	note         = {Accessed: 12-May-2024}
}

@misc{Crazyradio,
	author       = {Bitcraze},
	title        = {Crazyradio},
	year         = {2024},
	url          = {https://www.bitcraze.io/products/crazyradio-pa/},
	note         = {Accessed: 12-May-2024}
}

@misc{FlowDeck,
	author       = {Bitcraze},
	title        = {Flow Deck v2},
	year         = {2024},
	url          = {https://www.bitcraze.io/products/flow-deck-v2/},
	note         = {Accessed: 12-May-2024}
}

@misc{Funcionamiento_FlowDeck,
	author       = {Bitcraze},
	title        = {Estimación de estado con la placa de expansión Flow Deck},
	year         = {2024},
	url          = {https://www.bitcraze.io/documentation/repository/crazyflie-firmware/master/functional-areas/sensor-to-control/state_estimators/#flowdeck-measurement-model},
	note         = {Accessed: 12-May-2024}
}

@book{Persson2022_book,
	author = {Persson, Mikael},
	title = {Visual Odometry in Principle and Practice},
	year = {2022},
	publisher = {Linköping University},
	edition = {1},
	isbn = {978-91-7929-168-6}
}


@misc{Flujo_optico,
	author       = {Bitcraze},
	title        = {Flujo óptico},
	year         = {2024},
	url          = {https://www.bitcraze.io/2017/11/optical-flow/},
	note         = {Accessed: 12-May-2024}
}


@misc{PMW3901_datasheet,
	author       = {PixArt Imaging Inc.},
	title        = {PMW3901MB-TXQT: Optical Motion Tracking Chip},
	year         = {2024},
	url          = {https://wiki.bitcraze.io/_media/projects:crazyflie2:expansionboards:pot0189-pmw3901mb-txqt-ds-r1.00-200317_20170331160807_public.pdf},
	note         = {Accessed: 23-May-2024}
}

@misc{VL53L1x_datasheet,
	author       = {STM Electronics},
	title        = {VL53L1X: Time-of-Flight (ToF) ranging sensor based on ST's FlightSense technology},
	year         = {2024},
	url          = {https://www.st.com/en/imaging-and-photonics-solutions/vl53l1x.html#overview},
	note         = {Accessed: 23-May-2024}
}

@misc{Crazyflie_Python,
	author       = {Bitcraze},
	title        = {The Crazyflie Python API explanation},
	year         = {2024},
	url          = {https://www.bitcraze.io/documentation/repository/crazyflie-lib-python/master/user-guides/python_api/},
	note         = {Accessed: 25-May-2024}
}


@misc{Bootloader,
	author       = {Bitcraze},
	title        = {Bootloader module},
	year         = {2024},
	url          = {https://www.bitcraze.io/documentation/repository/crazyflie-lib-python/master/api/cflib/bootloader/},
	note         = {Accessed: 25-May-2024}
}

@misc{Bootloader,
	author       = {Bitcraze},
	title        = {Bootloader module},
	year         = {2024},
	url          = {https://www.bitcraze.io/documentation/repository/crazyflie-lib-python/master/api/cflib/bootloader/},
	note         = {Accessed: 25-May-2024}
}

@misc{CPX,
	author       = {Bitcraze},
	title        = {CPX module},
	year         = {2024},
	url          = {https://www.bitcraze.io/documentation/repository/crazyflie-lib-python/master/api/cflib/cpx/},
	note         = {Accessed: 25-May-2024}
}

@misc{Crazyflie_module,
	author       = {Bitcraze},
	title        = {Crazyflie module},
	year         = {2024},
	url          = {https://www.bitcraze.io/documentation/repository/crazyflie-lib-python/master/api/cflib/crazyflie/},
	note         = {Accessed: 25-May-2024}
}

@misc{CRTP,
	author       = {Bitcraze},
	title        = {CRTP module},
	year         = {2024},
	url          = {https://www.bitcraze.io/documentation/repository/crazyflie-lib-python/master/api/cflib/crtp/},
	note         = {Accessed: 25-May-2024}
}

@misc{Drivers,
	author       = {Bitcraze},
	title        = {Drivers module},
	year         = {2024},
	url          = {https://www.bitcraze.io/documentation/repository/crazyflie-lib-python/master/api/cflib/drivers/},
	note         = {Accessed: 25-May-2024}
}

@misc{Localization,
	author       = {Bitcraze},
	title        = {Localization module},
	year         = {2024},
	url          = {https://www.bitcraze.io/documentation/repository/crazyflie-lib-python/master/api/cflib/localization/},
	note         = {Accessed: 25-May-2024}
}

@misc{Positioning,
	author       = {Bitcraze},
	title        = {Positioning module},
	year         = {2024},
	url          = {https://www.bitcraze.io/documentation/repository/crazyflie-lib-python/master/api/cflib/positioning/},
	note         = {Accessed: 25-May-2024}
}

@misc{Utils,
	author       = {Bitcraze},
	title        = {Utils module},
	year         = {2024},
	url          = {https://www.bitcraze.io/documentation/repository/crazyflie-lib-python/master/api/cflib/utils/},
	note         = {Accessed: 25-May-2024}
}


@misc{Crazyflie_CRTP,
	author       = {Bitcraze},
	title        = {CRTP - Communication with the Crazyflie},
	year         = {2024},
	url          = {https://www.bitcraze.io/documentation/repository/crazyflie-firmware/master/functional-areas/crtp/},
	note         = {Accessed: 25-May-2024}
}

@misc{Crazyflie_tutorial_ensamble,
	author       = {Bitcraze},
	title        = {Getting started with the Crazyflie 2.X},
	year         = {2024},
	url          = {https://www.bitcraze.io/documentation/tutorials/getting-started-with-crazyflie-2-x/},
	note         = {Accessed: 04-Jun-2024}
}

@misc{Crazyflie_installation_Cfclient,
	author       = {Bitcraze},
	title        = {Crazyclient Installation Instructions},
	year         = {2024},
	url          = {https://www.bitcraze.io/documentation/repository/crazyflie-clients-python/master/installation/install/},
	note         = {Accessed: 04-Jun-2024}
}

@misc{Crazyflie_6,
	author       = {Bitcraze},
	title        = {Crazyflie Firmware Update},
	year         = {2024},
	url          = {https://www.bitcraze.io/documentation/repository/crazyflie-clients-python/master/userguides/userguide_client/#firmware-upgrade},
	note         = {Accessed: 04-Jun-2024}
}

@misc{Crazyflie_USB_driver,
	author       = {Bitcraze},
	title        = {Installing USB driver on Windows},
	year         = {2024},
	url          = {https://www.bitcraze.io/documentation/repository/crazyradio-firmware/master/building/usbwindows/},
	note         = {Accessed: 05-Jun-2024}
}

@misc{Crazyflie_balancing,
	author       = {Bitcraze},
	title        = {Propeller Balancing Tutorial},
	year         = {2024},
	url          = {https://www.bitcraze.io/documentation/tutorials/propeller-balancing/},
	note         = {Accessed: 05-Jun-2024}
}

@misc{Crazyflie_expansion_decks,
	author       = {Bitcraze},
	title        = {Getting started with expansion decks},
	year         = {2024},
	url          = {https://www.bitcraze.io/documentation/tutorials/getting-started-with-expansion-decks/},
	note         = {Accessed: 05-Jun-2024}
}

@misc{Python_3_11_0,
	author       = {Python},
	title        = {Python 3.11.0},
	year         = {2024},
	url          = {https://www.python.org/downloads/release/python-3110/},
	note         = {Accessed: 05-Jun-2024}
}

@misc{Matlab_Python_compability,
	author       = {Matlab},
	title        = {Versions of Python Compatible with MATLAB Products by Release},
	year         = {2024},
	url          = {https://la.mathworks.com/support/requirements/python-compatibility.html},
	note         = {Accessed: 06-Jun-2024}
}