@thesis{Sanabria2022_tesis,
	author = {Francis Sanabria},
	title  = {Diseño e implementación de una plataforma de pruebas para sistemas de control para el dron Crazyflie 2.0},
	note   = {Tesis de licenciatura},
	school = {Universidad Del Valle de Guatemala},
	year   = {2022},
}

@thesis{Parafan2022_tesis,
	author = {Camilo Perafan},
	title  = {Robotat: un ecosistema robótico de captura de movimiento y
	comunicación inalámbrica},
	note   = {Tesis de licenciatura},
	school = {Universidad Del Valle de Guatemala},
	year   = {2022},
}

@thesis{Otzoy2023_tesis,
	author = {Denny Otzoy},
	title  = {Uso del cuadricóptero Crazyflie dentro del ecosistema Robotat para la generación de trayectorias y la evasión de obstáculos},
	note   = {Tesis de licenciatura},
	school = {Universidad Del Valle de Guatemala},
	year   = {2023},
}

@thesis{Gordillo2023_tesis,
	author = {José Gordillo},
	title  = {Diseño e implementación de un paquete de herramientas de software para controlar inalámbricamente un enjambre de drones Crazyflie dentro de un ecosistema robótico basado en captura de movimiento},
	note   = {Tesis de licenciatura},
	school = {Universidad Del Valle de Guatemala},
	year   = {2023},
}

@thesis{Avila2023_tesis,
	author = {Julio Avila},
	title  = {Adaptación del sistema de drones Crazyswarm al ecosistema Robotat},
	note   = {Tesis de licenciatura},
	school = {Universidad Del Valle de Guatemala},
	year   = {2023},
}

@thesis{Garrido2023_tesis,
	author = {Brandon Garrido},
	title  = {Levantamiento de una plataforma de pruebas para sistemas multidrones con OptiTrack y Crazyswarm},
	note   = {Tesis de licenciatura},
	school = {Universidad Del Valle de Guatemala},
	year   = {2023},
}

@thesis{Chadehumbe2020_tesis,
	author = {Chiedza Chadehumbe and Josefine Sjöberg},
	title  = {Autonomous flight of the micro drone Crazyflie 2.1 through an obstacle course},
	note   = {Independent thesis basic level (degree of Bachelor)},
	school = {Universidad Uppsala},
	year   = {2020},
}

@misc{Crazyflie,
	author = {{Bitcraze}},
	title = {{Crazyflie 2.1}},
	howpublished = {\url{{https://www.bitcraze.io/products/crazyflie-2-1/}}},
	note = {Accedido el {12/05/2024}},
}

@misc{Sistema_Crazyflie,
	author = {{Bitcraze}},
	title = {{Sistema de coordenadas de Crazyflie 2.1}},
	howpublished = {\url{{https://www.bitcraze.io/documentation/system/platform/cf2-coordinate-system/}}},
	note = {Accedido el {12/05/2024}},
}

@misc{Crazyradio,
	author = {{Bitcraze}},
	title = {{Crazyradio}},
	howpublished = {\url{{https://www.bitcraze.io/products/crazyradio-pa/}}},
	note = {Accedido el {12/05/2024}},
}

@misc{FlowDeck,
	author = {{Bitcraze}},
	title = {{Flow Deck v2}},
	howpublished = {\url{{https://www.bitcraze.io/products/flow-deck-v2/}}},
	note = {Accedido el {12/05/2024}},
}

@book{Persson2022_book,
	author = {Persson, Mikael},
	title = {Visual Odometry in Principle and Practice},
	year = {2022},
	publisher = {Linköping University},
	edition = {1},
	isbn = {978-91-7929-168-6}
}

@online{Funcionamiento_FlowDeck,
	ALTauthor = {Bitcraze},
	ALTeditor = {Bitcraze},
	title = {Estimación de estado con la placa de expansión Flow Deck},
	date = {12/05/2024},
	url = {https://www.bitcraze.io/documentation/repository/crazyflie-firmware/master/functional-areas/sensor-to-control/state_estimators/#flowdeck-measurement-model},
}


@online{PMW3901_datasheet,
	ALTauthor = {PixArt Imaging Inc.},
	ALTeditor = {PixArt Imaging Inc.},
	title = {PMW3901MB-TXQT: Optical Motion Tracking Chip},
	date = {23/05/2024},
	url = {https://wiki.bitcraze.io/_media/projects:crazyflie2:expansionboards:pot0189-pmw3901mb-txqt-ds-r1.00-200317_20170331160807_public.pdf},
}

@online{VL53L1x_datasheet,
	ALTauthor = {STM Electronics},
	ALTeditor = {STM Electronics},
	title = {VL53L1X: Time-of-Flight (ToF) ranging sensor based on ST's FlightSense technology},
	date = {23/05/2024},
	url = {https://www.st.com/en/imaging-and-photonics-solutions/vl53l1x.html#overview},
}

@misc{Crazyflie_Python,
	author = {{Bitcraze}},
	title = {{The Crazyflie Python API explanation}},
	howpublished = {\url{{https://www.bitcraze.io/documentation/repository/crazyflie-lib-python/master/user-guides/python_api/}}},
	note = {Accedido el {25/05/2024}},
}

@misc{Crazyflie_CRTP,
	author = {{Bitcraze}},
	title = {{CRTP - Communication with the Crazyflie}},
	howpublished = {\url{{https://www.bitcraze.io/documentation/repository/crazyflie-firmware/master/functional-areas/crtp/}}},
	note = {Accedido el {25/05/2024}},
}
